<record><leader>00000cas a22000007a 4500</leader><controlfield tag="001">28642387</controlfield><controlfield tag="008">930817d19151915nmuwr ne      0    0spa d</controlfield><datafield ind1=" " ind2=" " tag="010"><subfield code="a">sn 93061699 </subfield></datafield><datafield ind1=" " ind2=" " tag="040"><subfield code="a">NVM</subfield><subfield code="b">eng</subfield><subfield code="c">NVM</subfield><subfield code="d">OCLCQ</subfield></datafield><datafield ind1=" " ind2=" " tag="042"><subfield code="a">msc</subfield></datafield><datafield ind1=" " ind2=" " tag="043"><subfield code="a">n-us-nm</subfield></datafield><datafield ind1="0" ind2="0" tag="245"><subfield code="a">Noticias del hispano-americano and the McKinley County republican.</subfield></datafield><datafield ind1=" " ind2=" " tag="260"><subfield code="a">Gallup, Nuevo Me&#769;xico :</subfield><subfield code="b">Louis S. Freth</subfield></datafield><datafield ind1=" " ind2=" " tag="300"><subfield code="a">v.</subfield></datafield><datafield ind1="0" ind2=" " tag="362"><subfield code="a">Vol. 1, no. 1 (mayo 27, 1915)-v. 1, no. 14 (junio 23, 1915).</subfield></datafield><datafield ind1=" " ind2=" " tag="500"><subfield code="a">Published with: Carbon City news and the McKinley County Republican.</subfield></datafield><datafield ind1=" " ind2=" " tag="546"><subfield code="a">In Spanish.</subfield></datafield><datafield ind1=" " ind2="4" tag="651"><subfield code="a">Gallup (N.M.)</subfield><subfield code="v">Newspapers.</subfield></datafield><datafield ind1=" " ind2="4" tag="651"><subfield code="a">McKinley County (N.M.)</subfield><subfield code="v">Newspapers.</subfield></datafield><datafield ind1=" " ind2=" " tag="752"><subfield code="a">United States</subfield><subfield code="b">New Mexico</subfield><subfield code="c">McKinley</subfield><subfield code="d">Gallup.</subfield></datafield><datafield ind1="1" ind2=" " tag="029"><subfield code="a">AU@</subfield><subfield code="b">000025870573</subfield></datafield></record>